@misc{
	Ekeroot2007dfal,
	author={Ekeroot, Per},
	title={Databas f{\"o}r anst{\"a}llda : {Databas i OpenOffice Base}},
	year={2007},
	publisher={Mittuniversitetet},
	address={{\"O}stersund},
	note={Bifogad i WebCT},
}
@misc{
	Ekeroot2007dfam,
	author={Ekeroot, Per},
	title={Databas f{\"o}r anst{\"a}llda : {Databas i Microsoft Access}},
	year={2007},
	publisher={Mittuniversitetet},
	address={{\"O}stersund},
	note={Bifogad i WebCT},
}
@book{
	Brookshear2009csa,
	author={Brookshear, J. Glenn}, 
	title={Computer science : an overview}, 
	publisher={Pearson Addison-Wesley}, 
	address={Boston}, 
	year={2009}, 
	edition={10. ed.}, 
	ISBN={978-0-321-54428-5 (pbk.) (International ed.)}, 
	keywords={Datavetenskap}, 
}
@book{
	Brookshear2012csa,
	author={Brookshear, J. Glenn and Smith, David T. and Brylow, Dennis}, 
	title={Computer science : an overview}, 
	publisher={Pearson Addison-Wesley}, 
	address={Boston}, 
	year={2012}, 
	edition={11th ed.}, 
	ISBN={978-0-13-256903-3 (pbk. : alk. paper)}, 
	keywords={Datavetenskap}, 
}
@book{
	Capron1996ctf,
	author={Capron, H. L. and Johnson, J. A.}, 
	title={Computers : tools for an information age}, 
	publisher={Pearson Education}, 
	address={Upper Saddle River, New Jersey}, 
	year={2004}, 
	edition={8. ed.}, 
	ISBN={0-13-122723-8}, 
}
@misc{
	OWASP2010ot,
	author={{The Open Web Application Security Project}},
	title={{OWASP Top 10 -- 2010} : The Ten Most Critical Web Application
		Security Risks},
	year={2010},
	month={April},
	URL={https://www.owasp.org/index.php/Category:OWASP_Top_Ten_Project},
}
@article{
	Singel2011feh,
	author={Singel, Ryan},
	title={Facebook Enables {HTTPS} So You Can Share Without Being Hijacked},
	year={2011},
	journal={Wired},
	URL={http://www.wired.com/threatlevel/2011/01/facebook-https/},
}
@misc{
	PTStgr,
	author={{Post- och Telestyrelsen}},
	title={Tolv goda r{\aa}d},
	note={Internets{\"a}kerhet f{\"o}r hemmet},
	URL={http://www.pts.se/sv/Internet/Internetsakerhet/For-hemmet/Tretton-goda-rad/},
}
@misc{
	Kamkar2010him,
	author={Kamkar, Samy},
	title={How {I} Met Your Girlfriend},
	year={2010},
	note={F{\"o}rel{\"a}sning, DefCon18. URL:
		del 1 -- \url{http://www.youtube.com/watch?v=fEmO7wQKCMw},
		del 2 -- \url{http://www.youtube.com/watch?v=2ctRfWnisSk},
		del 3 -- \url{http://www.youtube.com/watch?v=vJtmZZGcR54}.},
}
@misc{
	Hunt2011abs,
	author={Hunt, Troy},
	title={A brief {Sony} password analysis},
	year={2011},
	month={June},
	URL={http://www.troyhunt.com/2011/06/brief-sony-password-analysis.html},
}
@manual{
	RFC5735,
	title={Special Use {IPv4} Addresses},
	author={Cotton, M. and Vegoda, L.},
	organization={{ICANN}},
	publisher={{Internet Engineering Taskforce (IETF)}},
	month={January},
	year={2010},
	URL={https://tools.ietf.org/html/rfc5735},
}
@manual{
	RFC791,
	title={Internet Protocol: {DARPA} Internet Program Protocol Specification},
	author={{Information Sciences Institute}},
	organization={University of Southern California},
	publisher={{Internet Engineering Taskforce (IETF)}},
	month={September},
	year={1981},
	URL={https://tools.ietf.org/html/rfc791},
}
@manual{
	RFC2460,
	title={Internet Protocol, Version 6 ({IPv6}) Specification},
	author={Deering, S. and Hinden, R.},
	organization={Cisco and Nokia},
	publisher={{Internet Engineering Taskforce (IETF)}},
	month={December},
	year={1998},
	URL={https://tools.ietf.org/html/rfc2460},
}
@misc{
	Convergence,
	title={Convergence},
	month={October},
	year={2011},
	URL={http://convergence.io},
}
@misc{
	UbuntuInstall,
	author={Ubuntu Community},
	title={{GraphicalInstall}},
	year={2012},
	URL={https://help.ubuntu.com/community/GraphicalInstall},
}
@misc{
	UbuntuDesktop,
	author={Ubuntu Documentation Team},
	title={Ubuntu Desktop Guide},
	year={2012},
	URL={https://help.ubuntu.com/12.04/ubuntu-help/index.html},
}
@misc{
	Bosk2012lui,
	author={Bosk, Daniel and Franked, Lennart},
	title={{\LaTeX} Usage Instructions},
	year={2012},
	URL={http://ver.miun.se/dokument/instruktioner/latex/windows.pdf},
}
